@article{DBLP:journals/bioinformatics/TroyanskayaCSBHTBA01,
  author    = {Olga G. Troyanskaya and
               Michael N. Cantor and
               Gavin Sherlock and
               Patrick O. Brown and
               Trevor Hastie and
               Robert Tibshirani and
               David Botstein and
               Russ B. Altman},
  title     = {Missing value estimation methods for {DNA} microarrays},
  journal   = {Bioinformatics},
  volume    = {17},
  number    = {6},
  pages     = {520--525},
  year      = {2001},
  url       = {https://doi.org/10.1093/bioinformatics/17.6.520},
  doi       = {10.1093/bioinformatics/17.6.520},
  timestamp = {Wed, 14 Nov 2018 10:19:19 +0100},
  biburl    = {https://dblp.org/rec/bib/journals/bioinformatics/TroyanskayaCSBHTBA01},
  bibsource = {dblp computer science bibliography, https://dblp.org}
}

@article{buuren2010mice,
  title={mice: Multivariate imputation by chained equations in R},
  author={Buuren, S van and Groothuis-Oudshoorn, Karin},
  journal={Journal of statistical software},
  pages={1--68},
  year={2010},
  publisher={University of California, Los Angeles}
}

@article{DBLP:journals/bioinformatics/StekhovenB12,
  author    = {Daniel J. Stekhoven and
               Peter B{\"{u}}hlmann},
  title     = {MissForest - non-parametric missing value imputation for mixed-type
               data},
  journal   = {Bioinformatics},
  volume    = {28},
  number    = {1},
  pages     = {112--118},
  year      = {2012},
  timestamp = {Wed, 14 Nov 2018 10:18:41 +0100},
  biburl    = {https://dblp.org/rec/bib/journals/bioinformatics/StekhovenB12},
  bibsource = {dblp computer science bibliography, https://dblp.org}
}

@article{DBLP:journals/jmlr/MazumderHT10,
  author    = {Rahul Mazumder and
               Trevor Hastie and
               Robert Tibshirani},
  title     = {Spectral Regularization Algorithms for Learning Large Incomplete Matrices},
  journal   = {Journal of Machine Learning Research},
  volume    = {11},
  pages     = {2287--2322},
  year      = {2010},
  timestamp = {Fri, 01 Apr 2011 14:32:52 +0200},
  biburl    = {https://dblp.org/rec/bib/journals/jmlr/MazumderHT10},
  bibsource = {dblp computer science bibliography, https://dblp.org}
}

@article{DBLP:journals/nca/Garcia-LaencinaSF10,
  author    = {Pedro J. Garc{\'{\i}}a{-}Laencina and
               Jos{\'{e}}{-}Luis Sancho{-}G{\'{o}}mez and
               An{\'{\i}}bal R. Figueiras{-}Vidal},
  title     = {Pattern classification with missing data: a review},
  journal   = {Neural Computing and Applications},
  volume    = {19},
  number    = {2},
  pages     = {263--282},
  year      = {2010},
  timestamp = {Fri, 26 May 2017 22:53:33 +0200},
  biburl    = {https://dblp.org/rec/bib/journals/nca/Garcia-LaencinaSF10},
  bibsource = {dblp computer science bibliography, https://dblp.org}
}

@inproceedings{DBLP:conf/pakdd/GondaraW18,
  author    = {Lovedeep Gondara and
               Ke Wang},
  title     = {{MIDA:} Multiple Imputation Using Denoising Autoencoders},
  booktitle = {Advances in Knowledge Discovery and Data Mining - 22nd Pacific-Asia
               Conference, {PAKDD} 2018, Melbourne, VIC, Australia, June 3-6, 2018,
               Proceedings, Part {III}},
  pages     = {260--272},
  year      = {2018},
  timestamp = {Tue, 19 Jun 2018 09:13:55 +0200},
  biburl    = {https://dblp.org/rec/bib/conf/pakdd/GondaraW18},
  bibsource = {dblp computer science bibliography, https://dblp.org}
}
