@inproceedings{DBLP:conf/icc/IbrahimY11,
  author    = {Mohamed Ibrahim and
               Moustafa Youssef},
  title     = {A Hidden Markov Model for Localization Using Low-End {GSM} Cell Phones},
  booktitle = {Proceedings of {IEEE} International Conference on Communications,
               {ICC} 2011, Kyoto, Japan, 5-9 June, 2011},
  pages     = {1--5},
  year      = {2011},
  timestamp = {Fri, 30 Nov 2018 13:30:53 +0100},
  biburl    = {https://dblp.org/rec/bib/conf/icc/IbrahimY11},
  bibsource = {dblp computer science bibliography, https://dblp.org}
}

@inproceedings{DBLP:conf/icc/HaraAYDZ11,
  author    = {Shinsuke Hara and
               Daisuke Anzai and
               Tomofumi Yabu and
               Thomas Derham and
               Radim Zemek},
  title     = {Analysis on {TOA} and {TDOA} Location Estimation Performances in a
               Cellular System},
  booktitle = {Proceedings of {IEEE} International Conference on Communications,
               {ICC} 2011, Kyoto, Japan, 5-9 June, 2011},
  pages     = {1--5},
  year      = {2011},
  timestamp = {Thu, 25 May 2017 00:39:39 +0200},
  biburl    = {https://dblp.org/rec/bib/conf/icc/HaraAYDZ11},
  bibsource = {dblp computer science bibliography, https://dblp.org}
}

@article{DBLP:journals/tvt/IbrahimY12,
  author    = {Mohamed Ibrahim and
               Moustafa Youssef},
  title     = {CellSense: An Accurate Energy-Efficient {GSM} Positioning System},
  journal   = {{IEEE} Trans. Vehicular Technology},
  volume    = {61},
  number    = {1},
  pages     = {286--296},
  year      = {2012},
  timestamp = {Wed, 14 Nov 2018 10:12:34 +0100},
  biburl    = {https://dblp.org/rec/bib/journals/tvt/IbrahimY12},
  bibsource = {dblp computer science bibliography, https://dblp.org}
}

@inproceedings{DBLP:conf/infocom/RayDM16,
  author    = {Avik Ray and
               Supratim Deb and
               Pantelis Monogioudis},
  title     = {Localization of {LTE} measurement records with missing information},
  booktitle = {35th Annual {IEEE} International Conference on Computer Communications,
               {INFOCOM} 2016, San Francisco, CA, USA, April 10-14, 2016},
  pages     = {1--9},
  year      = {2016},
  timestamp = {Tue, 16 May 2017 16:26:28 +0200},
  biburl    = {https://dblp.org/rec/bib/conf/infocom/RayDM16},
  bibsource = {dblp computer science bibliography, https://dblp.org}
}

@inproceedings{DBLP:conf/infocom/MargoliesBBDJUV17,
  author    = {Robert Margolies and
               Richard A. Becker and
               Simon D. Byers and
               Supratim Deb and
               Rittwik Jana and
               Simon Urbanek and
               Chris Volinsky},
  title     = {Can you find me now? Evaluation of network-based localization in a
               4G {LTE} network},
  booktitle = {2017 {IEEE} Conference on Computer Communications, {INFOCOM} 2017,
               Atlanta, GA, USA, May 1-4, 2017},
  pages     = {1--9},
  year      = {2017},
  timestamp = {Tue, 14 Nov 2017 10:27:11 +0100},
  biburl    = {https://dblp.org/rec/bib/conf/infocom/MargoliesBBDJUV17},
  bibsource = {dblp computer science bibliography, https://dblp.org}
}

@inproceedings{DBLP:conf/mdm/ZhangRYZY17,
  author    = {Yige Zhang and
               Weixiong Rao and
               Mingxuan Yuan and
               Jia Zeng and
               Hua Yang},
  title     = {Confidence Model-Based Data Repair for Telco Localization},
  booktitle = {18th {IEEE} International Conference on Mobile Data Management, {MDM}
               2017, Daejeon, South Korea, May 29 - June 1, 2017},
  pages     = {186--195},
  year      = {2017},
  timestamp = {Fri, 07 Jul 2017 17:38:43 +0200},
  biburl    = {https://dblp.org/rec/bib/conf/mdm/ZhangRYZY17},
  bibsource = {dblp computer science bibliography, https://dblp.org}
}

@article{DBLP:journals/imwut/HuangLWCXZ17,
  author    = {Xingyu Huang and
               Yong Li and
               Yue Wang and
               Xinlei Chen and
               Yu Xiao and
               Lin Zhang},
  title     = {{CTS:} {A} Cellular-based Trajectory Tracking System with GPS-level
               Accuracy},
  journal   = {{IMWUT}},
  volume    = {1},
  number    = {4},
  pages     = {140:1--140:29},
  year      = {2017},
  timestamp = {Tue, 06 Nov 2018 12:51:51 +0100},
  biburl    = {https://dblp.org/rec/bib/journals/imwut/HuangLWCXZ17},
  bibsource = {dblp computer science bibliography, https://dblp.org}
}

@inproceedings{DBLP:conf/gis/PereraBKB15,
  author    = {Kushani Perera and
               Tanusri Bhattacharya and
               Lars Kulik and
               James Bailey},
  title     = {Trajectory inference for mobile devices using connected cell towers},
  booktitle = {Proceedings of the 23rd {SIGSPATIAL} International Conference on Advances
               in Geographic Information Systems, Bellevue, WA, USA, November 3-6,
               2015},
  pages     = {23:1--23:10},
  year      = {2015},
  timestamp = {Tue, 06 Nov 2018 11:07:36 +0100},
  biburl    = {https://dblp.org/rec/bib/conf/gis/PereraBKB15},
  bibsource = {dblp computer science bibliography, https://dblp.org}
}
