@inproceedings{DBLP:conf/cikm/ZhuLYZZGDRZ16,
  author    = {Fangzhou Zhu and
               Chen Luo and
               Mingxuan Yuan and
               Yijian Zhu and
               Zhengqing Zhang and
               Tao Gu and
               Ke Deng and
               Weixiong Rao and
               Jia Zeng},
  title     = {City-Scale Localization with Telco Big Data},
  booktitle = {Proceedings of the 25th {ACM} International Conference on Information
               and Knowledge Management, {CIKM} 2016, Indianapolis, IN, USA, October
               24-28, 2016},
  pages     = {439--448},
  year      = {2016},
  timestamp = {Wed, 14 Nov 2018 11:00:19 +0100},
  biburl    = {https://dblp.org/rec/bib/conf/cikm/ZhuLYZZGDRZ16},
  bibsource = {dblp computer science bibliography, https://dblp.org}
}

@inproceedings{DBLP:conf/sigmod/HuangZYDLND0Z15,
  author    = {Yiqing Huang and
               Fangzhou Zhu and
               Mingxuan Yuan and
               Ke Deng and
               Yanhua Li and
               Bing Ni and
               Wenyuan Dai and
               Qiang Yang and
               Jia Zeng},
  title     = {Telco Churn Prediction with Big Data},
  booktitle = {Proceedings of the 2015 {ACM} {SIGMOD} International Conference on
               Management of Data, Melbourne, Victoria, Australia, May 31 - June
               4, 2015},
  pages     = {607--618},
  year      = {2015},
  timestamp = {Tue, 06 Nov 2018 11:07:38 +0100},
  biburl    = {https://dblp.org/rec/bib/conf/sigmod/HuangZYDLND0Z15},
  bibsource = {dblp computer science bibliography, https://dblp.org}
}

@article{DBLP:journals/tist/LuoZYDY16,
  author    = {Chen Luo and
               Jia Zeng and
               Mingxuan Yuan and
               Wenyuan Dai and
               Qiang Yang},
  title     = {Telco User Activity Level Prediction with Massive Mobile Broadband
               Data},
  journal   = {{ACM} {TIST}},
  volume    = {7},
  number    = {4},
  pages     = {63:1--63:30},
  year      = {2016},
  timestamp = {Tue, 06 Nov 2018 12:51:17 +0100},
  biburl    = {https://dblp.org/rec/bib/journals/tist/LuoZYDY16},
  bibsource = {dblp computer science bibliography, https://dblp.org}
}


@inproceedings{DBLP:conf/nips/GoodfellowPMXWOCB14,
  author    = {Ian J. Goodfellow and
               Jean Pouget{-}Abadie and
               Mehdi Mirza and
               Bing Xu and
               David Warde{-}Farley and
               Sherjil Ozair and
               Aaron C. Courville and
               Yoshua Bengio},
  title     = {Generative Adversarial Nets},
  booktitle = {Advances in Neural Information Processing Systems 27: Annual Conference
               on Neural Information Processing Systems 2014, December 8-13 2014,
               Montreal, Quebec, Canada},
  pages     = {2672--2680},
  year      = {2014},
  timestamp = {Wed, 10 Dec 2014 21:34:12 +0100},
  biburl    = {https://dblp.org/rec/bib/conf/nips/GoodfellowPMXWOCB14},
  bibsource = {dblp computer science bibliography, https://dblp.org}
}

@inproceedings{DBLP:conf/icml/OdenaOS17,
  author    = {Augustus Odena and
               Christopher Olah and
               Jonathon Shlens},
  title     = {Conditional Image Synthesis with Auxiliary Classifier GANs},
  booktitle = {Proceedings of the 34th International Conference on Machine Learning,
               {ICML} 2017, Sydney, NSW, Australia, 6-11 August 2017},
  pages     = {2642--2651},
  year      = {2017},
  timestamp = {Wed, 16 Aug 2017 11:08:55 +0200},
  biburl    = {https://dblp.org/rec/bib/conf/icml/OdenaOS17},
  bibsource = {dblp computer science bibliography, https://dblp.org}
}

@inproceedings{DBLP:conf/kdd/CaiWGSJ18,
  author    = {Lei Cai and
               Zhengyang Wang and
               Hongyang Gao and
               Dinggang Shen and
               Shuiwang Ji},
  title     = {Deep Adversarial Learning for Multi-Modality Missing Data Completion},
  booktitle = {Proceedings of the 24th {ACM} {SIGKDD} International Conference on
               Knowledge Discovery {\&} Data Mining, {KDD} 2018, London, UK,
               August 19-23, 2018},
  pages     = {1158--1166},
  year      = {2018},
  crossref  = {DBLP:conf/kdd/2018},
  url       = {https://doi.org/10.1145/3219819.3219963},
  doi       = {10.1145/3219819.3219963},
  timestamp = {Wed, 21 Nov 2018 12:44:27 +0100},
  biburl    = {https://dblp.org/rec/bib/conf/kdd/CaiWGSJ18},
  bibsource = {dblp computer science bibliography, https://dblp.org}
}
